@book{hesthaven2016certified,
  title={Certified reduced basis methods for parametrized partial differential equations},
  author={Hesthaven, Jan S and Rozza, Gianluigi and Stamm, Benjamin and others},
  volume={590},
  year={2016},
  publisher={Springer}
}